@article{acosta2017fractional,
  title={A fractional {L}aplace equation: regularity of solutions and {F}inite {E}lement approximations},
  author={Acosta, Gabriel and Borthagaray, Juan Pablo},
  journal={SIAM J. Numer. Anal.},
  volume={55},
  number={2},
  pages={472--495},
  year={2017},
  publisher={SIAM}
}

@article{acosta2017short,
  title={A short {FE} implementation for a 2d homogeneous {D}irichlet problem of a {F}ractional {L}aplacian},
  author={Acosta, Gabriel and Bersetche, Francisco M and Borthagaray, Juan Pablo},
  journal={Comput. Math. Appl.},
  year={2017},
  publisher={Elsevier}
}


@book{adams2003sobolev,
  title={Sobolev spaces},
  author={Adams, Robert A and Fournier, John JF},
  volume={140},
  year={2003},
  publisher={Academic press}
}

@book{bakunin2008turbulence,
  title={Turbulence and diffusion: scaling versus equations},
  author={Bakunin, Oleg G},
  year={2008},
  publisher={Springer Science \& Business Media}
}

@article{biccari2017local,
  title={Local elliptic regularity for the Dirichlet fractional Laplacian},
  author={Biccari, Umberto and Warma, Mahamadi and Zuazua, Enrique},
  journal={Adv. Nonlinear Stud.},
  volume={17},
  number={2},
  pages={387--409},
  year={2017}
}

@article{biccari2017local,
  title={Local regularity for fractional heat equations},
  author={Biccari, Umberto and Warma, Mahamadi and Zuazua, Enrique},
  journal={arXiv preprint arXiv:1704.07562},
  year={2017}
}

@article{bologna2000anomalous,
  title={Anomalous diffusion associated with nonlinear fractional derivative {F}okker-{P}lanck-like equation: exact time-dependent solutions},
  author={Bologna, Mauro and Tsallis, Constantino and Grigolini, Paolo},
  journal={Phys. Rev. E},
  volume={62},
  number={2},
  pages={2213},
  year={2000},
  publisher={APS}
}

@inproceedings{boyer2013penalised,
  title={On the penalised HUM approach and its applications to the numerical approximation of null-controls for parabolic problems},
  author={Boyer, Franck},
  booktitle={ESAIM: Proceedings},
  volume={41},
  pages={15--58},
  year={2013},
  organization={EDP Sciences}
}

@article{caffarelli2007extension,
  title={An extension problem related to the fractional {L}aplacian},
  author={Caffarelli, Luis and Silvestre, Luis},
  journal={Comm. Partial Differential Equations},
  volume={32},
  number={8},
  pages={1245--1260},
  year={2007},
  publisher={Taylor \& Francis}
}

@book{coron2007control,
  title={Control and nonlinearity},
  author={Coron, Jean-Michel},
  number={136},
  year={2007},
  publisher={American Mathematical Soc.}
}

@article{dipierro2015dislocation,
  title={Dislocation dynamics in crystals: a macroscopic theory in a fractional {L}aplace setting},
  author={Dipierro, Serena and Palatucci, Giampiero and Valdinoci, Enrico},
  journal={Commun. Math. Phys.},
  volume={333},
  number={2},
  pages={1061--1105},
  year={2015},
  publisher={Springer}
}

@article{dihitchhiker,
  title={Hitchhikerâ€™s guide to the fractional {S}obolev spaces},
  author={Di Nezza, Eleonora and Palatucci, Giampiero and Valdinoci, Enrico},
  journal={Bull. Sci. Math.}
  volume={136},
  number={5},
  pages={521--573},
  year={2012},
  publisher={Taylor \& Francis}
}

@article{fall2014unique,
  title={Unique continuation property and local asymptotics of solutions to fractional elliptic equations},
  author={Fall, Mouhamed Moustapha and Felli, Veronica},
  journal={Comm. Partial Differential Equations},
  volume={39},
  number={2},
  pages={354--397},
  year={2014},
  publisher={Taylor \& Francis}
}

@article{fernandez2016boundary,
  title={Boundary regularity for the fractional heat equation},
  author={Fern{\'a}ndez-Real, Xavier and Ros-Oton, Xavier},
  journal={Rev. R. Acad. Cienc. Exactas F{\'i}s. Nat. Ser. A Math.},
  volume={110},
  number={1},
  pages={49--64},
  year={2016},
  publisher={Springer}
}

@article{getoor1961first,
  title={First passage times for symmetric stable processes in space},
  author={Getoor, RK},
  journal={Trans. Amer. Math. Soc.},
  volume={101},
  number={1},
  pages={75--90},
  year={1961},
  publisher={JSTOR}
}

@article{giri2008electron,
  title={Electron capture and scaling anomaly in polar molecules},
  author={Giri, Pulak Ranjan and Gupta, Kumar S and Meljanac, S and Samsarov, A},
  journal={Phys. Lett. A},
  volume={372},
  number={17},
  pages={2967--2970},
  year={2008},
  publisher={Elsevier}
}

@article{gilboa2008nonlocal,
  title={Nonlocal operators with applications to image processing},
  author={Gilboa, Guy and Osher, Stanley},
  journal={Multiscale Model. Simul.},
  volume={7},
  number={3},
  pages={1005--1028},
  year={2008},
  publisher={SIAM}
}

@article{glowinski1995exact,
  title={Exact and approximate controllability for distributed parameter systems},
  author={Glowinski, Roland and Lions, Jacques-Louis},
  journal={Acta Numer.},
  volume={4},
  pages={159--328},
  year={1995},
  publisher={Cambridge Univ Press}
}

@book{glowinski2008exact,
  title={Exact and Approximate Controllability for Distributed Parameter Systems: A Numerical Approach (Encyclopedia of Mathematics and its Applications)},
  author={Glowinski, Roland and Lions, Jacques-Louis and He, Jiwen},
  year={2008},
  publisher={Cambridge University Press}
}

@article{keyantuo2016interior,
  title={On the interior approximate controllability for fractional wave equations},
  author={Keyantuo, Valentin and Warma, Mahamadi},
  journal={Discrete Contin. Dyn. Syst.},
  volume={36},
  number={7},
  pages={3719--3739},
  year={2016},
}

@article{kulczycki2010spectral,
  title={Spectral properties of the {C}auchy process on half-line and interval},
  author={Kulczycki, Tadeusz and Kwa{\'s}nicki, Mateusz and Ma{\l}ecki, Jacek and Stos, Andrzej},
  journal={Proc. Lond. Math. Soc.},
  pages={pdq010},
  year={2010},
  publisher={Oxford University Press}
}

@article{kwasnicki2012eigenvalues,
  title={Eigenvalues of the fractional {L}aplace operator in the interval},
  author={Kwa{\'s}nicki, Mateusz},
  journal={J. Funct. Anal.},
  volume={262},
  number={5},
  pages={2379--2402},
  year={2012},
  publisher={Elsevier}
}

@article{leonori2015basic,
  title={Basic estimates for solutions of a class of nonlocal elliptic and parabolic equations},
  author={Leonori, Tommaso and Peral, Ireneo and Primo, Ana and Soria, Fernando},
  journal={Discrete Contin. Dyn. Syst},
  volume={35},
  number={12},
  pages={6031--6068},
  year={2015}
}


@article{levendorskii2004pricing,
  title={Pricing of the {A}merican put under {L}{\'e}vy processes},
  author={Levendorskii, SZ},
  journal={Int. J. Theor. Appl. Finance},
  volume={7},
  number={03},
  pages={303--335},
  year={2004},
  publisher={World Scientific}
}

@book{lions1968problemes,
  title={Probl{\`e}mes aux limites non homog{\`e}nes: et applications},
  author={Lions, Jacques-Louis and Magenes, Enrico},
  year={1968},
  publisher={Dunod}
}

@article{meerschaert2012fractional,
  title={Fractional calculus, anomalous diffusion, and probability},
  author={Meerschaert, Mark M},
  journal={Fractional Dynamics},
  pages={265--284},
  year={2012},
  publisher={World Scientific}
}

@article{micu2006controllability,
  title={On the controllability of a fractional order parabolic equation},
  author={Micu, Sorin and Zuazua, Enrique},
  journal={SIAM J. Control Optim.},
  volume={44},
  number={6},
  pages={1950--1972},
  year={2006},
  publisher={SIAM}
}

@article{miller2006controllability,
  title={On the controllability of anomalous diffusions generated by the fractional Laplacian},
  author={Miller, Luc},
  journal={Math. Control Signals Systems},
  volume={18},
  number={3},
  pages={260--271},
  year={2006},
  publisher={Springer}
}

@article{nochetto2015pde,
  title={A {PDE} approach to fractional diffusion in general domains: a priori error analysis},
  author={Nochetto, Ricardo H and Ot{\'a}rola, Enrique and Salgado, Abner J},
  journal={Found. Comput. Math.},
  volume={15},
  number={3},
  pages={733--791},
  year={2015},
  publisher={Springer}
}

@article{pham1997optimal,
  title={Optimal stopping, free boundary, and American option in a jump-diffusion model},
  author={Pham, Huy{\^e}n},
  journal={Appl. Math. Optim.},
  volume={35},
  number={2},
  pages={145--164},
  year={1997},
  publisher={Springer}
}

@article{ros2014dirichlet,
  title={The {D}irichlet problem for the fractional {L}aplacian: regularity up to the boundary},
  author={Ros-Oton, Xavier and Serra, Joaquim},
  journal={J. Math. Pures et Appl.},
  volume={101},
  number={3},
  pages={275--302},
  year={2014},
  publisher={Elsevier}
}

@article{ros2014extremal,
  title={The extremal solution for the fractional {L}aplacian},
  author={Ros-Oton, Xavier and Serra, Joaquim},
  journal={Calc. Var. Partial Differential Equations},
  volume={50},
  number={3-4},
  pages={723--750},
  year={2014},
  publisher={Springer}
}

@article{servadei2014spectrum,
  title={On the spectrum of two different fractional operators},
  author={Servadei, Raffaella and Valdinoci, Enrico},
  journal={Proc. Roy. Soc. Edinburgh Sect. A},
  volume={144},
  number={04},
  pages={831--855},
  year={2014},
  publisher={Cambridge Univ Press}
}

@book{tartar2007introduction,
  title={An introduction to {S}obolev spaces and interpolation spaces},
  author={Tartar, Luc},
  volume={3},
  year={2007},
  publisher={Springer Science \& Business Media}
}

@book{tucsnak2009observation,
  title={Observation and control for operator semigroups},
  author={Tucsnak, Marius and Weiss, George},
  year={2009},
  publisher={Springer Science \& Business Media}
}

@incollection{vazquez2012nonlinear,
  title={Nonlinear diffusion with fractional {L}aplacian operators},
  author={V{\'a}zquez, Juan Luis},
  booktitle={Nonlinear partial differential equations},
  pages={271--298},
  year={2012},
  publisher={Springer}
}

@article{zhu2014modeling,
  title={Modeling acoustic wave propagation in heterogeneous attenuating media using decoupled fractional {L}aplacians},
  author={Zhu, Tieyuan and Harris, Jerry M},
  journal={Geophysics},
  volume={79},
  number={3},
  pages={T105--T116},
  year={2014},
  publisher={Society of Exploration Geophysicists}
}

